<?xml version="1.0" encoding="UTF-8"?><collection xmlns="http://www.loc.gov/MARC21/slim"><record><leader>00412nam--2200157-i-4500</leader><controlfield tag="001">000011762</controlfield><controlfield tag="002">20161230</controlfield><controlfield tag="005">20170103222751</controlfield><controlfield tag="008">060222s1000------------r-----000-0-eng-d</controlfield><datafield ind1=" " ind2=" " tag="080"><subfield code="a">62-52:621.391:62(061.3)</subfield></datafield><datafield ind1=" " ind2=" " tag="245"><subfield code="a">Eighth Annual Simulation Symposium</subfield></datafield><datafield ind1=" " ind2=" " tag="260"><subfield code="a">Tampa</subfield><subfield code="b">Annual Simulation Symposium</subfield><subfield code="c">1975</subfield></datafield><datafield ind1=" " ind2=" " tag="300"><subfield code="a">316 p</subfield></datafield><datafield ind1=" " ind2=" " tag="700"><subfield code="a">Miglierina, C. A</subfield></datafield><datafield ind1=" " ind2=" " tag="852"><subfield code="a">43568</subfield></datafield><datafield ind1=" " ind2=" " tag="CAT"><subfield code="a">SYS</subfield><subfield code="c">20170103</subfield><subfield code="h">222751</subfield></datafield></record></collection>